@article{cerda2014,
  title={Hydrographic climatology of South Brazil Bight shelf waters between Sao Sebastiao (24 S) and Cabo Sao Tome (22 S)},
  author={Cerda, Cecilia and Castro, Belmiro M},
  journal={Continental Shelf Research},
  volume={89},
  pages={5--14},
  year={2014},
  publisher={Elsevier}
}

@phdthesis{morais2016hidrodinamica,
  title={Hidrodin{\^a}mica da Plataforma Continental Interna do estado de S{\~a}o Paulo},
  author={Morais, Pedro Henrique Lima Silva},
  year={2016},
  school={Universidade de S{\~a}o Paulo}
}

@article{castro2008processos,
  title={Processos f{\'\i}sicos: hidrografia, circula{\c{c}}{\~a}o e transporte},
  author={Castro, BM and Miranda, LB and Silva, LS and Fontes, RFC and Pereira, AF and Coelho, AL},
  journal={Oceanografia de um Ecossistema Subtropical: Plataforma de S{\~a}o Sebasti{\~a}o, SP, S{\~a}o Paulo: Editora da Universidade de S{\~a}o Paulo},
  pages={59--121},
  year={2008}
}

@article{de1987condiccoes,
  title={Condi{\c{c}}{\~o}es hidrogr{\'a}ficas na plataforma continental ao largo de Ubatuba: varia{\c{c}}{\~o}es sazonais e em m{\'e}dia escala},
  author={de Castro Filho, Belmiro Mendes and de Miranda, Luiz Bruner and Miyao, Sadako Yadoya},
  journal={Boletim do Instituto Oceanogr{\'a}fico},
  volume={35},
  number={2},
  pages={135--151},
  year={1987},
  publisher={SciELO Brasil}
}

@article{emilsson1961shelf,
  title={The shelf and coastal waters off southern Brazil},
  author={Em{\'\i}lsson, Ingvar},
  journal={Boletim do Instituto Oceanogr{\'a}fico},
  volume={11},
  number={2},
  pages={101--112},
  year={1961},
  publisher={SciELO Brasil}
}

@phdthesis{castro1985subtidal,
  title={Subtidal response to wind forcing in the South Brazil Bight during winter},
  author={Castro, B. M.},
  year={1985},
  school={apresentada {\`a} University of Miami, para obeten{\c{c}}{\~a}o do t{\'\i}tulo de" Doctor of Philosophy."}
}

@article{castro1998physical,
  title={Physical oceanography of the western Atlantic continental shelf located between 4 N and 34 S},
  author={Castro, BM de and Miranda, LB de},
  journal={The sea},
  volume={11},
  number={1},
  pages={209--251},
  year={1998},
  publisher={John Wiley \& Sons: New York}
}

@article{zembruscki1979geomorfologia,
  title={Geomorfologia da margem continental sul brasileira e das bacias oce{\^a}nicas adjacentes},
  author={Zembruscki, Sylvio G},
  journal={Geomorfologia da margem continental sul brasileira e das {\'a}reas oce{\^a}nicas adjacentes. Rio de Janeiro, PETROBRAS. CENPES. DINTEP (S{\'e}rie Projeto REMAC NUM. 7)},
  year={1979}
}

@article{miranda1982analise,
  title={An{\'a}lise de massas de {\'a}gua da plataforma continental e da regi{\~a}o oce{\^a}nica adjacente: Cabo de S{\~a}o Tom{\'e} (RJ) a Ilha de S{\~a}o Sebasti{\~a}o (SP)},
  author={Miranda, LB de},
  journal={Livre Doceˆ ncia’’Thesis, Universidade de Sao Paulo},
  year={1982}
}

@article{de1979aplicaccao,
  title={Aplica{\c{c}}{\~a}o do diagrama TS estat{\'\i}stico-volum{\'e}trico {\`a} an{\'a}lise das massas de {\'a}gua da plataforma continental do Rio Grande do Sul},
  author={de Miranda, Luiz Bruner and de Castro Filho, Belmiro Mendes},
  journal={Boletim do Instituto Oceanografico},
  volume={28},
  number={1},
  pages={185--200},
  year={1979},
  publisher={SciELO Brasil}
}

@article{castro2008processos,
  title={Processos f{\'\i}sicos: hidrografia, circula{\c{c}}{\~a}o e transporte},
  author={Castro, BM and Miranda, LB and Silva, LS and Fontes, RFC and Pereira, AF and Coelho, AL},
  journal={Oceanografia de um Ecossistema Subtropical: Plataforma de S{\~a}o Sebasti{\~a}o, SP, S{\~a}o Paulo: Editora da Universidade de S{\~a}o Paulo},
  pages={59--121},
  year={2008}
}

@article{castro1996correntes,
  title={Correntes e massas de {\'a}gua da plataforma continental norte de S{\~a}o Paulo},
  author={Castro, BM de},
  journal={Livre-Docente Thesis, Instituto Oceanogr{\'a}fico da Universidade de S{\~a}o Paulo},
  year={1996}
}

@article{castro2014summer,
  title={Summer/winter stratification variability in the central part of the South Brazil Bight},
  author={Castro, Belmiro M},
  journal={Continental Shelf Research},
  volume={89},
  pages={15--23},
  year={2014},
  publisher={Elsevier}
}

@article{brandini2014deep,
  title={Deep chlorophyll maximum and plankton community response to oceanic bottom intrusions on the continental shelf in the South Brazilian Bight},
  author={Brandini, Frederico Pereira and Nogueira, Miodeli and Simi{\~a}o, Monica and Codina, Juan Carlos Ugaz and Noernberg, Mauricio Almeida},
  journal={Continental Shelf Research},
  volume={89},
  pages={61--75},
  year={2014},
  publisher={Elsevier}
}

@article{nogueira2013distribution,
  title={Distribution and abundance of planktonic cnidarians in response to South Atlantic Central Water bottom intrusion in the shelf of Santa Catarina (South Brazilian Bight) and potential predatory impact of siphonophores},
  author={Nogueira, M and Brandini, FP and Codina, JC},
  journal={Cont. Shelf Res},
  year={2013}
}

@article{carvalho2010estrutura,
  title={Estrutura termohalina do litoral centro-norte catarinense},
  author={Carvalho, JL and Schettini, CA and Ribas, TM},
  journal={Brazilian Journal of Aquatic Science and Technology},
  volume={2},
  number={1},
  pages={181--197},
  year={2010}
}

@phdthesis{de2003intrusoes,
  title={Intrus{\~o}es da {\'a}gua central do atl{\^a}ntico sul na plataforma continental sudeste durante o ver{\~a}o},
  author={Rezende, Jos{\'e} Helv{\'e}cio Moraes de},
  year={2003}
}

@article{castro2006estrutura,
  title={Estrutura termohalina e circula{\c{c}}{\~a}o na regi{\~a}o entre o Cabo de S{\~a}o Tom{\'e} (RJ) eo Chu{\'\i} (RS)},
  author={Castro, BM de and Lorenzzetti, JA and Silveira, ICA da and Miranda, LB de},
  journal={O ambiente oceanogr{\'a}fico da plataforma continental e do talude na regi{\~a}o sudeste-sul do Brasil. EDUSP, S{\~a}o Paulo},
  pages={11--120},
  year={2006}
}

@article{brink2005coastal,
  title={Coastal physical processes overview},
  author={Brink, KH},
  journal={The Sea},
  volume={13},
  pages={37--59},
  year={2005},
  publisher={The Global Coastal Ocean: Multiscale Interdisciplinary Processes}
}

@article{pereira2007numerical,
  title={Numerical simulation of M2 internal tides in the South Brazil Bight and their interaction with the Brazil Current},
  author={Pereira, AF and Castro, BM and Calado, L and da Silveira, ICA},
  journal={Journal of Geophysical Research: Oceans},
  volume={112},
  number={C4},
  year={2007},
  publisher={Wiley Online Library}
}

@article{stech1990estudo,
  title={Um estudo comparativo da din{\^a}mica da circula{\c{c}}{\~a}o de inverno entre as plataformas continentais das costas sudeste do Brasil e dos Estados Unidos utilizando um modelo num{\'e}rico},
  author={Stech, JL},
  journal={S{\~a}o Paulo},
  year={1990}
}

@article{stech1992response,
  title={The response of the South Brazil Bight to the passage of wintertime cold fronts},
  author={Stech, Jos{\'e} L and Lorenzzetti, Jo{\~a}o A},
  journal={Journal of Geophysical Research: Oceans},
  volume={97},
  number={C6},
  pages={9507--9520},
  year={1992},
  publisher={Wiley Online Library}
}

@article{dottori2009response,
  title={The response of the Sao Paulo Continental Shelf, Brazil, to synoptic winds},
  author={Dottori, Marcelo and Castro, Belmiro Mendes},
  journal={Ocean dynamics},
  volume={59},
  number={4},
  pages={603--614},
  year={2009},
  publisher={Springer}
}

@article{munk1970tides,
  title={Tides off-shore: Transition from California coastal to deep-sea waters},
  author={Munk, Walter and Snodgrass, Frank and Wimbush, Mark},
  journal={Geophysical and Astrophysical Fluid Dynamics},
  volume={1},
  number={1-2},
  pages={161--235},
  year={1970},
  publisher={Taylor \& Francis}
}

@article{mesquita1987harmonic,
  title={Harmonic constants of tides and currents of the Southern Brazilian Shelf},
  author={Mesquita, AR de and Harari, J},
  journal={SIMP{\'O}SIO SOBRE ECOSSISTEMAS DA COSTA SUL E SUDESTE BRASILEIRA: S{\'I}NTESE DOS CONHECIMENTOS, Canan{\'e}ia},
  pages={415--422},
  year={1987}
}

@phdthesis{coelho2008resposta,
  title={Resposta da Plataforma Continental Sudeste a ventos sazonais e sin{\'o}ticos de ver{\~a}o: estudos num{\'e}ricos},
  author={Coelho, Alexandre Luiz},
  year={2008},
  school={Universidade de S{\~a}o Paulo}
}

@article{martins2015meteorologia,
  title={Meteorologia e Oceanografia: caracteriza{\c{c}}{\~a}o ambiental regional da Bacia de Campos, Atl{\^a}ntico Sudoeste},
  author={Martins, RP and Grossmann-Matheson, GS},
  year={2015},
  publisher={Elsevier. S{\'e}rie Habitats Rio de Janeiro}
}

@phdthesis{valente1999circulaccao,
  title={Circula{\c{c}}{\~a}o na plataforma interna do litoral norte do Estado de S{\~a}o Paulo},
  author={Valente, Marcia Helena Moreira},
  year={1999}
}

@phdthesis{mazzini2009correntes,
  title={Correntes subinerciais na plataforma continental interna entre Peru{\'\i}be e S{\~a}o Sebasti{\~a}o: observa{\c{c}}{\~o}es},
  author={Mazzini, Piero Luigi Fernandes},
  year={2009},
  school={Universidade de S{\~a}o Paulo}
}

@article{loder1998western,
  title={Western ocean boundary shelves coastal segment (W)},
  author={Loder, John W and Boicourt, William C and Simpson, John H},
  journal={The Sea},
  volume={11},
  pages={3--27},
  year={1998}
}

@article{mesquita1983tides,
  title={Tides and tide gauges of Ubatuba and Canan{\'e}ia},
  author={Mesquita, AR and Harari, J},
  journal={S{\~a}o Paulo: Instituto Oceanogr{\'a}fico, Universidade de S{\~a}o Paulo},
  volume={11},
  year={1983}
}

@incollection{castro2015191,
title = "Correntes e Massas de Água na Plataforma Continental",
editor = "Martins, Renato Parkinson  and Grossmann-Matheson, Guisela Santiago ",
booktitle = "Meteorologia e Oceanografia ",
year = "2015",
pages = "191 - 254",
author = "Belmiro Mendes Castro and Adriene Ferreira Pereira and Alexandre de Caroli and Hermínio Foloni Neto and Gabriel Carvalhaes Aloi Paschoal and Ilson Carlos Almeida da Silveira and Cecília Cerda Amor",
keywords = "-CHAVEMassas de água",
keywords = "correntes",
keywords = "plataforma continental",
keywords = "Bacia de Campos ",
abstract = "\{RESUMO\} A análise de dados coletados em vários projetos, principalmente \{HABITATS\} e DEPROAS, juntamente com a consulta a trabalhos anteriores, possibilitou a descrição das características hidrotermodinâmicas da Plataforma Continental da Bacia de Campos (PCBC), incluindo suas variabilidades espaço-temporais e principais forçantes. Duas regiões com características oceanográficas distintas foram identificadas na PCBC: a Parte Norte (PN-PCBC), localizada ao norte do Cabo de São Tomé, e a Parte Sul (PS-PCBC), compreendida entre o Cabo de São Tomé e o Cabo Frio. A principal diferença oceanográfica entre essas duas regiões é o grau de intrusão em direção à costa das duas massas de água oceânicas transportadas pela Corrente do Brasil (CB), Água Tropical (AT) e Água Central do Atlântico Sul (ACAS). O volume de \{ACAS\} na PS-PCBC é relativamente grande, tanto no verão quanto no inverno, pois essa massa de água ocupa extensas áreas das camadas de fundo e profunda, principalmente no extremo sul, próximo a Cabo Frio. Na PN-PCBC o volume relativo de \{ACAS\} é menor do que ao sul, havendo em geral predomínio da AT. A ressurgência costeira que ocorre na PS-PCBC é intermitente e controlada pelos ventos sazonais e sinóticos. Nos períodos de ressurgência costeira, a \{ACAS\} apresenta volumes ainda maiores na PS-PCBC, principalmente em torno de Cabo Frio. Em qualquer época do ano, as correntes mais frequentes na \{PCBC\} têm direção SO, alinhadas com as isóbatas e deixando a costa à direita do movimento, desde a quebra da plataforma continental até profundidades de 20-30 m, em resposta à tensão de cisalhamento dos ventos que sopram de E-NE, predominantes na região, e ao fluxo médio da CB. Essa circulação para \{SO\} está associada, em geral, a correntes convergentes à costa na camada de fundo, contribuindo para as intrusões de \{ACAS\} em direção à costa. Inversões de direção das correntes, para \{NE\} e deixando a costa à esquerda, estão associadas, principalmente, a tensões de cisalhamento dos ventos de S-SO que ocorrem durante passagens de frentes frias. Essas frentes são mais frequentes e intensas no inverno e na primavera. As correntes quase paralelas às isóbatas apresentam pequeno cisalhamento vertical, sendo essencialmente barotrópicas. Na direção normal às isóbatas, o primeiro modo baroclínico deve ser considerado para explicar a maior parte da variância subinercial das correntes. As correntes de maré são menores do que as correntes subinerciais na direção quase paralela à costa. "
}

@article{Blumberg1987,
annote = {NULL},
author = {Blumberg, A. F. and Mellor, G. L.},
file = {:home/danilo/Dropbox/mestrado/artigos/blumberg1987.pdf:pdf},
journal = {Three-dimensional coastal ocean models},
pages = {1--16},
title = {{A description of a three-dimensional coastal ocean circulation model}},
volume = {4},
year = {1987}
}

@article{reid1968numerical,
author = {Reid, R. O. and Bodine, B. R.},
journal = {Journal of the Waterways and harbors Division},
number = {1},
pages = {33--58},
title = {{Numerical model for storm surges in galveston bay}},
volume = {94},
year = {1968}
}

@article{Egbert1994,
abstract = {Altimetric data from the TOPEX/POSEIDON mission will be used for stu-dies of global ocean circulation and marine geophysics. However, it is first necessary to remove the ocean tides, which are aliased in the raw data. The tides are constrained by two distinct types of information: the hydrodynamic equations which the tidal fields of elevations and velocities must satisfy, and direct observational data from tide gauges and satellite altimetry. Here we develop and apply a generalized inverse method, which allows us to combine rationally all of this information into global tidal fields best fitting both the data and the dynamics, in a least squares sense. The resulting inverse solution is a sum of the direct solution to the astronomically forced Laplace tidal equations and a linear combination of the representers for the data functionals. The representer functions (one for each datum) are determined by the dynamical equa-tions, and by our prior estimates of the statistics of errors in these equations. Our major task is a direct numerical calculation of these representers. This task is compu-tationally intensive, but well suited to massively parallel processing. By calculating the representers we reduce the full (infinite dimensional) problem to a relatively low-dimensional problem at the outset, allowing full control over the conditioning and hence the stability of the inverse solution. With the representers calculated we can easily update our model as additional TOPEX/POSEIDON data become available. As an initial illustration we invert harmonic constants from a set of 80 open-ocean tide gauges. We then present a practical scheme for direct inversion of TOPEX/POSEIDON crossover data. We apply this method to 38 cycles of geophysi-cal data records (GDR) data, computing preliminary global estimates of the four prin-cipal tidal constituents, M 2, S2, K1, and O1. The inverse solution yields tidal fields which are simultaneously smoother, and in better agreement with altimetric and ground truth data, than previously proposed tidal models. Relative to the "default" tidal corrections provided with the TOPEX/POSEIDON GDR, the inverse solution reduces crossover difference variances significantly (=20-30{\%}), even though only a small number of free parameters (=1000) are actually fit to the crossover data.},
author = {Egbert, Gary D and Bennett, Andrew F and Foreman, Michael G G},
doi = {10.1029/94JC01894},
file = {:home/danilo/Dropbox/mestrado/artigos/EgbertetalJGR1994.pdf:pdf},
isbn = {0148-0227},
issn = {0148-0227},
journal = {Journal of Geophysical Research},
keywords = {doi:10.1029/94JC01894,http://dx.doi.org/10.1029/94JC01894},
number = {15},
pages = {821--24},
title = {{TOPEX/POSEIDON tides estimated using a global inverse model}},
volume = {99852},
year = {1994}
}

@article{Egbert2002,
abstract = {A computationally efficient relocatable system for generalized inverse (GI) modeling of barotropic ocean tides is described. The GI penalty functional is minimized using a representer method, which requires repeated solution of the forward and adjoint linearized shallow water equations (SWEs). To make representer computations efficient, the SWEs are solved in the frequency domain by factoring the coefficient matrix for a finite-difference discretization of the second-order wave equation in elevation. Once this matrix is factored representers can be calculated rapidly. By retaining the first-order SWE system (defined in terms of both elevations and currents) in the definition of the discretized GI penalty functional, complete generality in the choice of dynamical error covariances is retained. This allows rational assumptions about errors in the SWE, with soft momentum balance constraints (e. g., to account for inaccurate parameterization of dissipation), but holds mass conservation constraints. While the dynamical calculations involve elevations alone, depth-averaged currents can be directly assimilated into the tidal model with this approach. The efficient representer calculation forms the basis for the Oregon State University (OSU) Tidal Inversion Software (OTIS). OTIS includes software for generating grids, prior model covariances, and boundary conditions; for time stepping the nonlinear shallow water equations to generate a first guess or prior solution; for preliminary processing of TOPEX/Poseidon altimeter data; for solution of the GI problem; and for computation of posterior error bars. Approximate GI solution methods, based on using a reduced set of representers, allow very large datasets to be inverted. OTIS regional and local GI tidal modeling (with grids containing up to 10(5) nodes) require only a few hours on a common desktop workstation. Use of OTIS is illustrated by developing a new regional-scale (1/68) model of tides in the Indonesian Seas.},
author = {Egbert, Gary D. and Erofeeva, Svetlana Y.},
doi = {10.1175/1520-0426(2002)019<0183:EIMOBO>2.0.CO;2},
file = {:home/danilo/Dropbox/mestrado/artigos/egbert2002.pdf:pdf},
isbn = {0739-0572},
issn = {07390572},
journal = {Journal of Atmospheric and Oceanic Technology},
number = {2},
pages = {183--204},
pmid = {7754995},
title = {{Efficient inverse modeling of barotropic ocean tides}},
volume = {19},
year = {2002}
}

@article{Harbor1999,
annote = {NULL},
author = {Blumberg, A. F. and Khan, L. A. and {St. John}, J. P.},
file = {:home/danilo/Dropbox/mestrado/artigos/blumberg1999.pdf:pdf},
journal = {Journal Of Hydraulic Engineering},
number = {8},
pages = {799--816},
title = {{Three-dimensional hydrodynamic model of New York Harbor region}},
volume = {125},
year = {1999}
}

@misc{Saha2010,
annote = {NULL},
author = {Saha, S. and Moorthi, S. and Pan, H. and Wu, X. and Wang, J. and Nadiga, S. and Tripp, P. and Kistler, R. and Woollen, J. and Behringer, D. and Liu, H. and Stokes, D. and Grumbine, R. and Gayno, G. and Wang, J. and Hou, Y. and Chuang, H. and Juang, H. H. and Sela, J. and Iredell, M. and Treadon, R. and Kleist, D. and Delst, P. V. and Keyser, D. and Derber, J. and Ek, M. and Meng, J. and Wei, H. and Yang, R. and Lord, S. and van den Dool, H. and Kumar, A. and Wang, W. and Long, C. and Chelliah, M. and Xue, Y. and Huang, B. and Schemm, J. and Ebisuzaki, W. and Lin, R. and Xie, P. and Chen, M. and Zhou, S. and Higgins, W. and Zou, C. and Liu, Q. and Chen, Y. and Han, Y. and Cucurull, L. and Reynolds, R. W. and Rutledge, G. and Goldberg, M.},
booktitle = {Research Data Archive at the National Center for Atmospheric Research, Computational and Information Systems Laboratory. Dataset.},
doi = {https://doi.org/10.5065/D6513W89},
title = {{NCEP Climate Forecast System Reanalysis (CFSR) Selected Hourly Time-Series Products, January 1979 to December 2010}},
urldate = {2017-03-06},
year = {2010}
}

@techreport{Berrisford2011,
annote = {NULL},
author = {Berrisford, P. and Dee, D. P. and Poli, P. and Brugge, R. and Fielding, K. and Fuentes, M. and K{\aa}llberg, P.W. and Kobayashi, S. and Uppala, S. and Simmons, A.},
title = {{The ERA-Interim archive Version 2.0. ERA Report Series 1}},
year = {2011}
}

@article{mellor1982development,
  title={Development of a turbulence closure model for geophysical fluid problems},
  author={Mellor, George L and Yamada, Tetsuji},
  journal={Reviews of Geophysics},
  volume={20},
  number={4},
  pages={851--875},
  year={1982},
  publisher={Wiley Online Library}
}

@article{mellor1974hierarchy,
  title={A hierarchy of turbulence closure models for planetary boundary layers},
  author={Mellor, G. L. and T. Yamada},
  journal={Journal of the Atmospheric Sciences},
  volume={31},
  number={7},
  pages={1791--1806},
  year={1974}
}