BibTex gerado manualmente, de artigos científicos que não foi possível realizar download ou 
adicionar, de alguma forma, ao Mendeley.

@article{castro1998physical,
  title={Physical oceanography of the western Atlantic continental shelf located between 4 N and 34 S},
  author={Castro, BM de and Miranda, LB de},
  journal={The sea},
  volume={11},
  number={1},
  pages={209--251},
  year={1998},
  publisher={John Wiley \& Sons: New York}
}
